% Encoding: UTF-8

@Article{Sandstede1998,
  author    = {Björn Sandstede},
  title     = {Stability of multiple-pulse solutions},
  journal   = {Transactions of the American Mathematical Society},
  year      = {1998},
  volume    = {350},
  number    = {02},
  pages     = {429--473},
  month     = {feb},
  doi       = {10.1090/s0002-9947-98-01673-0},
  publisher = {American Mathematical Society ({AMS})},
}

@Article{SandstedeStrut,
  author    = {B. Sandstede},
  title     = {Instability of localized buckling modes in a one-dimensional strut model},
  journal   = {Philosophical Transactions of the Royal Society A: Mathematical, Physical and Engineering Sciences},
  year      = {1997},
  volume    = {355},
  number    = {1732},
  pages     = {2083--2097},
  month     = {nov},
  doi       = {10.1098/rsta.1997.0111},
  publisher = {The Royal Society},
}

@Article{Grillakis1987,
  author    = {Manoussos Grillakis and Jalal Shatah and Walter Strauss},
  title     = {Stability theory of solitary waves in the presence of symmetry, I},
  journal   = {Journal of Functional Analysis},
  year      = {1987},
  volume    = {74},
  number    = {1},
  pages     = {160--197},
  month     = {sep},
  doi       = {10.1016/0022-1236(87)90044-9},
  publisher = {Elsevier {BV}},
}

@Article{Grillakis1990,
  author    = {Manoussos Grillakis and Jalal Shatah and Walter Strauss},
  title     = {Stability theory of solitary waves in the presence of symmetry, {II}},
  journal   = {Journal of Functional Analysis},
  year      = {1990},
  volume    = {94},
  number    = {2},
  pages     = {308--348},
  month     = {dec},
  doi       = {10.1016/0022-1236(90)90016-e},
  publisher = {Elsevier {BV}},
}

@Article{Ipsen2008,
  author    = {Ilse C. F. Ipsen and Rizwana Rehman},
  title     = {Perturbation Bounds for Determinants and Characteristic Polynomials},
  journal   = {{SIAM} Journal on Matrix Analysis and Applications},
  year      = {2008},
  volume    = {30},
  number    = {2},
  pages     = {762--776},
  month     = {jan},
  doi       = {10.1137/070704770},
  publisher = {Society for Industrial {\&} Applied Mathematics ({SIAM})},
}

@Article{Chen1997,
  author    = {Y. Chen and P.J. McKenna},
  title     = {Traveling Waves in a Nonlinearly Suspended Beam: Theoretical Results and Numerical Observations},
  journal   = {Journal of Differential Equations},
  year      = {1997},
  volume    = {136},
  number    = {2},
  pages     = {325--355},
  month     = {may},
  doi       = {10.1006/jdeq.1996.3155},
  publisher = {Elsevier {BV}},
}

@Article{Berg2018,
  author    = {Jan Bouwe van den Berg and Maxime Breden and Jean-Philippe Lessard and Maxime Murray},
  title     = {Continuation of homoclinic orbits in the suspension bridge equation: A computer-assisted proof},
  journal   = {Journal of Differential Equations},
  year      = {2018},
  volume    = {264},
  number    = {5},
  pages     = {3086--3130},
  month     = {mar},
  doi       = {10.1016/j.jde.2017.11.011},
  publisher = {Elsevier {BV}},
}

@Article{Chamard2011,
  author    = {Jeremy Chamard and Josef Otta and David J. B. Lloyd},
  title     = {Computation of Minimum Energy Paths for~Quasi-Linear Problems},
  journal   = {Journal of Scientific Computing},
  year      = {2011},
  volume    = {49},
  number    = {2},
  pages     = {180--194},
  month     = {jan},
  doi       = {10.1007/s10915-011-9462-x},
  publisher = {Springer Nature},
}

@Article{Smets2002,
  author    = {Didier Smets and Jan Bouwe van den Berg},
  title     = {Homoclinic Solutions for Swift{\textendash}Hohenberg and Suspension Bridge Type Equations},
  journal   = {Journal of Differential Equations},
  year      = {2002},
  volume    = {184},
  number    = {1},
  pages     = {78--96},
  month     = {sep},
  doi       = {10.1006/jdeq.2001.4135},
  publisher = {Elsevier {BV}},
}

@Article{McKenna1990,
  author    = {P. J. McKenna and W. Walter},
  title     = {Travelling Waves in a Suspension Bridge},
  journal   = {{SIAM} Journal on Applied Mathematics},
  year      = {1990},
  volume    = {50},
  number    = {3},
  pages     = {703--715},
  month     = {jun},
  doi       = {10.1137/0150041},
  publisher = {Society for Industrial {\&} Applied Mathematics ({SIAM})},
}

@PhdThesis{Sandstede1993,
  author = {Björn Sandstede},
  title  = {Verzweigungstheorie homokliner Verdopplungen},
  school = {University of Stuttgart},
  year   = {1993},
}

@Article{Hammarling2013,
  author    = {Sven Hammarling and Christopher J. Munro and Fran{\c{c}}oise Tisseur},
  title     = {An algorithm for the complete solution of quadratic eigenvalue problems},
  journal   = {{ACM} Transactions on Mathematical Software},
  year      = {2013},
  volume    = {39},
  number    = {3},
  pages     = {1--19},
  month     = {apr},
  doi       = {10.1145/2450153.2450156},
  publisher = {Association for Computing Machinery ({ACM})},
}

@Book{Kapitula2013,
  title     = {Spectral and Dynamical Stability of Nonlinear Waves},
  publisher = {Springer New York},
  year      = {2013},
  author    = {Todd Kapitula, Keith Promislow},
  date      = {2013-06-06},
  ean       = {9781461469957},
  url       = {https://www.ebook.de/de/product/23033927/todd_kapitula_keith_promislow_spectral_and_dynamical_stability_of_nonlinear_waves.html},
}

@Article{Pelinovsky2007,
  author    = {Dmitry Pelinovsky and Marina Chugunova},
  title     = {Two-pulse solutions in the fifth-order {KdV} equation: Rigorous theory and numerical approximations},
  journal   = {Discrete and Continuous Dynamical Systems - Series B},
  year      = {2007},
  volume    = {8},
  number    = {4},
  pages     = {773--800},
  month     = {aug},
  doi       = {10.3934/dcdsb.2007.8.773},
  publisher = {American Institute of Mathematical Sciences ({AIMS})},
}

@Article{Sandstede1997,
  author    = {B Sandstede},
  title     = {Convergence estimates for the numerical approximation of homoclinic solutions},
  journal   = {{IMA} Journal of Numerical Analysis},
  year      = {1997},
  volume    = {17},
  number    = {3},
  pages     = {437--462},
  month     = {jul},
  doi       = {10.1093/imanum/17.3.437},
  publisher = {Oxford University Press ({OUP})},
}

@Article{Zumbrun2009,
  author      = {Kevin Zumbrun},
  title       = {Numerical error analysis for Evans function computations: a numerical gap lemma, centered-coordinate methods, and the unreasonable effectiveness of continuous orthogonalization},
  abstract    = {We perform error analyses explaining some previously mysterious phenomena arising in numerical computation of the Evans function, in particular (i) the advantage of centered coordinates for exterior product and related methods, and (ii) the unexpected stability of the (notoriously unstable) continuous orthogonalization method of Drury in the context of Evans function applications. The analysis in both cases centers around a numerical version of the gap lemma of Gardner--Zumbrun and Kapitula--Sandstede, giving uniform error estimates for apparently ill-posed projective boundary-value problems with asymptotically constant coefficients, so long as the rate of convergence of coefficients is greater than the "badness" of the boundary projections as measured by negative spectral gap. In the second case, we use also the simple but apparently previously unremarked observation that the Drury method is in fact (neutrally) stable when used to approximate an unstable subspace, so that continuous orthogonalization and the centered exterior product method are roughly equally well-conditioned as methods for Evans function approximation. The latter observation makes possible an extremely simple nonlinear boundary-value method for possible use in large-scale systems, extending ideas suggested by Sandstede. We suggest also a related linear method based on the conjugation lemma of M\'etivier--Zumbrun, an extension of the gap lemma mentioned above.},
  date        = {2009-04-01},
  eprint      = {http://arxiv.org/abs/0904.0268v2},
  eprintclass = {math.NA},
  eprinttype  = {arXiv},
  file        = {:http\://arxiv.org/pdf/0904.0268v2:PDF},
  keywords    = {math.NA, 65F99},
}

@Article{Bridges2002,
  author    = {Thomas J. Bridges and Gianne Derks},
  title     = {Linear Instability of Solitary Wave Solutions of the Kawahara Equation and Its Generalizations},
  journal   = {{SIAM} Journal on Mathematical Analysis},
  year      = {2002},
  volume    = {33},
  number    = {6},
  pages     = {1356--1378},
  month     = {jan},
  doi       = {10.1137/s0036141099361494},
  publisher = {Society for Industrial {\&} Applied Mathematics ({SIAM})},
}

@Article{Bridges2002a,
  author    = {Thomas J. Bridges and Gianne Derks and Georg Gottwald},
  title     = {Stability and instability of solitary waves of the fifth-order {KdV} equation: a numerical framework},
  journal   = {Physica D: Nonlinear Phenomena},
  year      = {2002},
  volume    = {172},
  number    = {1-4},
  pages     = {190--216},
  month     = {nov},
  doi       = {10.1016/s0167-2789(02)00655-3},
  publisher = {Elsevier {BV}},
}

@Article{Groves1998,
  author    = {M D Groves},
  title     = {Solitary-wave solutions to a class of fifth-order model equations},
  journal   = {Nonlinearity},
  year      = {1998},
  volume    = {11},
  number    = {2},
  pages     = {341--353},
  month     = {mar},
  abstract  = {This paper considers the fifth-order equation 
 for a certain class of nonlinearity f. A  solitary-wave solution to this equation is a solution of the form , where c is a constant and r vanishes as . It is shown that the equation has at least one non-zero solitary-wave solution when c<0,  and a countably infinite family of geometrically distinct solitary-wave solutions when c<0, .},
  doi       = {10.1088/0951-7715/11/2/009},
  publisher = {{IOP} Publishing},
  url       = {https://doi.org/10.1088%2F0951-7715%2F11%2F2%2F009},
}

@InCollection{Sandstede2013,
  author    = {Björn Sandstede},
  title     = {Homoclinic Flip Bifurcations in Conservative Reversible Systems},
  booktitle = {Recent Trends in Dynamical Systems},
  publisher = {Springer Basel},
  year      = {2013},
  pages     = {107--123},
  doi       = {10.1007/978-3-0348-0451-6_6},
}

@Article{Champneys1997,
  author    = {Alan R. Champneys and Mark D. Groves},
  title     = {A global investigation of solitary-wave solutions to a two-parameter model for water waves},
  journal   = {Journal of Fluid Mechanics},
  year      = {1997},
  volume    = {342},
  pages     = {199--229},
  month     = {jul},
  doi       = {10.1017/s0022112097005193},
  publisher = {Cambridge University Press ({CUP})},
}

@Article{Champneys1998,
  author    = {A.R. Champneys},
  title     = {Homoclinic orbits in reversible systems and their applications in mechanics, fluids and optics},
  journal   = {Physica D: Nonlinear Phenomena},
  year      = {1998},
  volume    = {112},
  number    = {1-2},
  pages     = {158--186},
  month     = {jan},
  doi       = {10.1016/s0167-2789(97)00209-1},
  publisher = {Elsevier {BV}},
}

@article{Levandosky1999,
title = "A stability analysis of fifth-order water wave models",
journal = "Physica D: Nonlinear Phenomena",
volume = "125",
number = "3",
pages = "222 - 240",
year = "1999",
issn = "0167-2789",
doi = "https://doi.org/10.1016/S0167-2789(98)00245-0",
url = "http://www.sciencedirect.com/science/article/pii/S0167278998002450",
author = "S.P. Levandosky",
keywords = "Traveling wave, Water wave model, Solitary wave",
abstract = "We study the stability of traveling wave solutions to a fifth-order water wave model. By solving a constrained minimization problem we show that “ground state” traveling wave solutions exist. Their stability is shown to be determined by the convexity or concavity of a function d(c) of the wave speed c. The analysis makes frequent use of the variational properties of the traveling waves."
}

@article {Buffoni1996,
    AUTHOR = {Buffoni, B. and S\'{e}r\'{e}, E.},
     TITLE = {A global condition for quasi-random behavior in a class of
              conservative systems},
   JOURNAL = {Comm. Pure Appl. Math.},
  FJOURNAL = {Communications on Pure and Applied Mathematics},
    VOLUME = {49},
      YEAR = {1996},
    NUMBER = {3},
     PAGES = {285--305},
      ISSN = {0010-3640},
   MRCLASS = {58E05 (34C37 58F05)},
  MRNUMBER = {1374173},
MRREVIEWER = {Vittorio Coti Zelati},
       DOI = {10.1002/(SICI)1097-0312(199603)49:3<285::AID-CPA3>3.3.CO;2-#},
       URL = {https://doi.org/10.1002/(SICI)1097-0312(199603)49:3<285::AID-CPA3>3.3.CO;2-#},
}

@book{russell1845,
  title={Report on Waves: Made to the Meetings of the British Association in 1842-43},
  author={Russell, J.S.},
  year={1845}
}

@article{Boussinesq1872,
author = {Boussinesq, J.},
journal = {Journal de Mathématiques Pures et Appliquées},
keywords = {Fluid-Dynamics; Wave; Vorticity; Channel; Flow},
language = {fre},
pages = {55-108},
title = {Théorie des ondes et des remous qui se propagent le long d'un canal rectangulaire horizontal, en communiquant au liquide contenu dans ce canal des vitesses sensiblement pareilles de la surface au fond.},
url = {http://eudml.org/doc/234248},
year = {1872},
}

@book{boussinesq1877essai,
  title={Essai sur la th{\'e}orie des eaux courantes},
  author={Boussinesq, J.},
  series={M{\'e}moires pr{\'e}sent{\'e}s par divers savants {\`a} l'Acad{\'e}mie des sciences de l'Institut national de France},
  year={1877},
  publisher={Imprimerie Nationale}
}

@article{KdVoriginal,
author = {Korteweg, D. J. and de Vries, G.},
title = {On the change of form of long waves advancing in a rectangular canal, and on a new type of long stationary waves},
journal = {The London, Edinburgh, and Dublin Philosophical Magazine and Journal of Science},
volume = {39},
number = {240},
pages = {422-443},
year  = {1895},
doi = {10.1080/14786449508620739},
URL = { 
        https://doi.org/10.1080/14786449508620739
    
},
}

@book{Davydov1985,
  doi = {10.1007/978-94-017-3025-9},
  url = {https://doi.org/10.1007/978-94-017-3025-9},
  year = {1985},
  publisher = {Springer Netherlands},
  author = {A. S. Davydov},
  title = {Solitons in Molecular Systems}
}

@book{Taylor1992,
  doi = {10.1017/cbo9780511524189},
  url = {https://doi.org/10.1017/cbo9780511524189},
  year = {1992},
  publisher = {Cambridge University Press},
  editor = {J. R. Taylor},
  title = {Optical Solitons}
}

@article{Kosevich1998,
  doi = {10.1134/1.558674},
  url = {https://doi.org/10.1134/1.558674},
  year = {1998},
  month = aug,
  publisher = {Pleiades Publishing Ltd},
  volume = {87},
  number = {2},
  pages = {401--407},
  author = {A. M. Kosevich and V. V. Gann and A. I. Zhukov and V. P. Voronov},
  title = {Magnetic soliton motion in a nonuniform magnetic field},
  journal = {Journal of Experimental and Theoretical Physics}
}

@book{Panos2008BEC,
  doi = {10.1007/978-3-540-73591-5},
  url = {https://doi.org/10.1007/978-3-540-73591-5},
  year = {2008},
  publisher = {Springer Berlin Heidelberg},
  editor = {Panayotis G. Kevrekidis and Dimitri J. Frantzeskakis and Ricardo Carretero-Gonz{\'{a}}lez},
  title = {Emergent Nonlinear Phenomena in Bose-Einstein Condensates}
}

@article{Nature1995,
  doi = {10.1038/376373b0},
  url = {https://doi.org/10.1038/376373b0},
  year = {1995},
  month = aug,
  publisher = {Springer Nature},
  volume = {376},
  number = {6539},
  pages = {373--373},
  title = {Soliton wave receives crowd of admirers},
  journal = {Nature}
}

@article{SolitonPhysics,
author = {Dauxois, Thierry and Peyrard, Michel},
year = {2010},
month = {06},
pages = {},
title = {Physics of Solitons},
journal = {Physics of Solitons, by Thierry Dauxois , Michel Peyrard, Cambridge, UK: Cambridge University Press, 2010},
doi = {10.2277/0521854210}
}

@article{miles1981, 
title={The Korteweg-de Vries equation: a historical essay}, 
author={Miles, J. W.}, 
volume={106}, 
DOI={10.1017/S0022112081001559}, 
journal={Journal of Fluid Mechanics}, 
publisher={Cambridge University Press},
year={1981}, 
pages={131–147}
}

@book{drazin1989solitons,
  title={Solitons: An Introduction},
  author={Drazin, P.G. and Johnson, R.S.},
  isbn={9780521336550},
  lccn={88001083},
  series={Cambridge Texts in Applied Mathematcs},
  year={1989},
  publisher={Cambridge University Press}
}

@article{ANDRIOPOULOS2009,
  doi = {10.1142/s1402925109000285},
  url = {https://doi.org/10.1142/s1402925109000285},
  year = {2009},
  month = jan,
  publisher = {Informa {UK} Limited},
  volume = {16},
  number = {sup1},
  pages = {1--12},
  author =  {Andriopoulos, K., Bountis, T., van der Weele, K., and Tsigaridi L.},
  title = {{The} {shape} {of} {soliton}-{like} {solutions} {of} a {higher}-{order} {KdV} {equation} {describing} {water} {waves}},
  journal = {Journal of Nonlinear Mathematical Physics}
}

@misc{kapitula2019,
    title={A reformulated Krein matrix for star-even polynomial operators with applications},
    author={Todd Kapitula and Ross Parker and Björn Sandstede},
    year={2019},
    eprint={1909.06411},
    archivePrefix={arXiv},
    primaryClass={math.DS}
}

@misc{parker2019,
    title={Existence and spectral stability of multi-pulses in discrete Hamiltonian lattice systems},
    author={Ross Parker and P. G. Kevrekidis and Björn Sandstede},
    year={2019},
    eprint={1910.11864},
    archivePrefix={arXiv},
    primaryClass={math.DS}
}


@Comment{jabref-meta: databaseType:bibtex;}
